@inproceedings{Radermacher:2011:IEI:1953163.1953346,
 author = {Radermacher, Alex D. and Walia, Gursimran S.},
 title = {Investigating the Effective Implementation of Pair Programming: An Empirical Investigation},
 booktitle = {Proceedings of the 42Nd ACM Technical Symposium on Computer Science Education},
 series = {SIGCSE '11},
 year = {2011},
 isbn = {978-1-4503-0500-6},
 location = {Dallas, TX, USA},
 pages = {655--660},
 numpages = {6},
 url = {http://doi.acm.org/10.1145/1953163.1953346},
 doi = {10.1145/1953163.1953346},
 acmid = {1953346},
 publisher = {ACM},
 address = {New York, NY, USA},
 keywords = {pair programming},
} 